<?xml version="1.0" encoding="UTF-8"?>
<collection xmlns:xsi="http://www.w3.org/2001/XMLSchema-instance" xsi:schemaLocation="http://www.loc.gov/MARC21/slim http://www.loc.gov/standards/marcxml/schema/MARC21slim.xsd" xmlns="http://www.loc.gov/MARC21/slim">
<record>
  <leader>01070cam a2200301Ii 4500</leader>
  <controlfield tag="001">2985218</controlfield>
  <controlfield tag="003">NNC</controlfield>
  <controlfield tag="005">20160118123325.0</controlfield>
  <controlfield tag="008">990118s1916    ua            000 0 araod</controlfield>
  <datafield tag="035" ind1=" " ind2=" ">
    <subfield code="a">(OCoLC)ocm40972111</subfield>
  </datafield>
  <datafield tag="035" ind1=" " ind2=" ">
    <subfield code="a">(OCoLC)40972111</subfield>
  </datafield>
  <datafield tag="035" ind1=" " ind2=" ">
    <subfield code="a">(NNC)2985218</subfield>
  </datafield>
  <datafield tag="040" ind1=" " ind2=" ">
    <subfield code="a">CGU</subfield>
    <subfield code="b">eng</subfield>
    <subfield code="c">CGU</subfield>
    <subfield code="d">OCLCQ</subfield>
    <subfield code="d">MEAUC</subfield>
  </datafield>
  <datafield tag="050" ind1=" " ind2="4">
    <subfield code="a">PJ7862.H78</subfield>
    <subfield code="b">K58</subfield>
  </datafield>
  <datafield tag="100" ind1="1" ind2=" ">
    <subfield code="a">Shukrī, ʻAbd al-Raḥmān,</subfield>
    <subfield code="e">author.</subfield>
  </datafield>
  <datafield tag="240" ind1="1" ind2="0">
    <subfield code="6">880-01</subfield>
    <subfield code="a">Thamarāt</subfield>
  </datafield>
  <datafield tag="245" ind1="1" ind2="0">
    <subfield code="6">880-02</subfield>
    <subfield code="a">Kitāb al-thamarāt /</subfield>
    <subfield code="c">taʼlīf ʻAbd al-Raḥmān Shukrī.</subfield>
  </datafield>
  <datafield tag="264" ind1=" " ind2="1">
    <subfield code="6">880-03</subfield>
    <subfield code="a">al-Iskandarīyah :</subfield>
    <subfield code="b">Maṭbaʻat Jirjī ʻArzūzī,</subfield>
    <subfield code="c">[1916]</subfield>
  </datafield>
  <datafield tag="300" ind1=" " ind2=" ">
    <subfield code="a">80 pages ;</subfield>
    <subfield code="e">24 cm.</subfield>
  </datafield>
  <datafield tag="336" ind1=" " ind2=" ">
    <subfield code="a">text</subfield>
    <subfield code="b">txt</subfield>
    <subfield code="2">rdacontent</subfield>
  </datafield>
  <datafield tag="337" ind1=" " ind2=" ">
    <subfield code="a">unmediated</subfield>
    <subfield code="b">n</subfield>
    <subfield code="2">rdamedia</subfield>
  </datafield>
  <datafield tag="338" ind1=" " ind2=" ">
    <subfield code="a">volume</subfield>
    <subfield code="b">nc</subfield>
    <subfield code="2">rdacarrier</subfield>
  </datafield>
  <datafield tag="500" ind1=" " ind2=" ">
    <subfield code="a">Essays.</subfield>
  </datafield>
  <datafield tag="880" ind1="1" ind2=" ">
    <subfield code="6">100-00/r</subfield>
    <subfield code="a">شكري، عبد الرحمن.</subfield>
  </datafield>
  <datafield tag="880" ind1="1" ind2="0">
    <subfield code="6">240-01/r</subfield>
    <subfield code="a">ثمرات</subfield>
  </datafield>
  <datafield tag="880" ind1="1" ind2="0">
    <subfield code="6">245-02/r</subfield>
    <subfield code="a">كتاب الثمرات /</subfield>
    <subfield code="c">تأليف عبد الرحمن شكري.</subfield>
  </datafield>
  <datafield tag="880" ind1=" " ind2="1">
    <subfield code="6">264-03/r</subfield>
    <subfield code="a">الإسكندرية :</subfield>
    <subfield code="b">مطبعة جرجي عرزوزي،</subfield>
    <subfield code="c">[1916]</subfield>
  </datafield>
  <datafield tag="955" ind1=" " ind2=" ">
    <subfield code="b">0036761796</subfield>
    <subfield code="d">glx</subfield>
    <subfield code="e">PJ7862.H78 K58</subfield>
  </datafield>
</record>
</collection>